@BOOK{1,
author = {Bretón N and Cervantes-Cota J L and Salgado M (Eds.)},
year = {2004},
title = {The Early Universe and Observational Cosmology},
edition = {1},
publisher = {Springer-Verlag},
adress = {Berlin Heidelberg},
}

@ARTICLE{2,
author = {Bennet C L},
year = {2003},
title = {},
journal = {Astrophys},
volume = {148},
pages = {1}
}

@ARTICLE{3,
author = {Bernardis P},
year =2000 ,
title = {},
journal = {Nature},
volume = 995,
pages = {404}
}

@BOOK{4,
author = {Filippenko A V},
year =2004 ,
title = {The Early Universe and Observational Cosmology},
edition = {},
publisher = {Berlin Heidelberg},
adress = {191}
}

@ARTICLE{5,
author = {Efstathiou G},
year ={} ,
title = {},
journal = {MNRAS},
volume = {330} ,
pages = {L29}
}



@ARTICLE{6,
author = {Peacock J A},
year = 2002,
title = {A New Era in Cosmology},
journal = {ASP Conference Proceedings and Shanks T and Metcalfe N.
Preprint astro-ph/0204239},
volume ={} ,
pages = {}
}


@ARTICLE{7,
author = {Caldwell R R and Dave R and Steinhard P J},
year = 1998,
title = {},
journal = { Phys. Rev},
volume = 80,
pages = {1582}
}


@ARTICLE{8,
author = {de la Macorra A},
year = 2004,
title = {Bret´on N and Cervantes-Cota J L
and Salgado M (Eds.). Springer-Verlag and Berlin Heidelberg},
journal = {The Early Universe and Observational Cosmology.},
volume ={} ,
pages = {225}
}



@ARTICLE{9,
author = {Gabbasov R F and Rodríguez-Meza M A and Klapp J and
Cervantes-Cota J L},
year = 2006 ,
title = {Astron & Astrophys},
journal = {},
volume =449 ,
pages = {1043 }
}


@ARTICLE{10,
author = { Springel V and Yoshida N and White SDM },
year = 2001,
title = {New Astronomy},
journal = {},
volume =6 ,
pages = {79}
}

@ARTICLE{11,
author = {Rodríguez-Meza M A and Cervantes-Cota J L},
year = 2004,
title = {},
journal = {MNRAS},
volume =350 ,
pages = { 671}
}


@ARTICLE{12,
author = {Cervantes-Cota J L, Rodríguez-Meza M A and Nuñez D},
year = 2007,
title = {J. Phys. Conf. Series in this issue},
journal = {},
volume ={} ,
pages = {}
}


@ARTICLE{13,
author = {Nagata R and Chiba T and Sugiyama N},
year = 2002,
title = {},
journal = { Phys. Rev. D},
volume = 66,
pages = {103510}
}


@ARTICLE{14,
author = {Nagata R and Chiba T and Sugiyama N},
year = 2004,
title = {},
journal = { Phys. Rev. D},
volume = 69,
pages = { 083512}
}


@ARTICLE{15,
author = { Shirata A and Shiromizu T and Yoshida N and Suto Y},
year = 2005,
title = {},
journal = {Phys. Rev. D},
volume =71 ,
pages = {064030}
}


@ARTICLE{16,
author = {Umezu K and Ichiki K and Yahiro M },
year =2005 ,
title = {},
journal = {Phys. Rev. D},
volume = 72,
pages = {044010}
}
